<?xml version="1.0" encoding="UTF-8"?><collection><record><leader>05593ntm a2200565 a 4500</leader><controlfield tag="001">006804975</controlfield><controlfield tag="003">MiAaHDL</controlfield><controlfield tag="005">20190719000000.0</controlfield><controlfield tag="006">m        d        </controlfield><controlfield tag="007">cr bn ---auaua</controlfield><controlfield tag="008">090529q16021603xx            00| ||ara d</controlfield><datafield tag="035" ind1=" " ind2=" "><subfield code="a">(MiU)006804975</subfield></datafield><datafield tag="035" ind1=" " ind2=" "><subfield code="a">sdr-miu006804975</subfield></datafield><datafield tag="040" ind1=" " ind2=" "><subfield code="a">MiU</subfield><subfield code="c">MiU</subfield><subfield code="e">amremm</subfield></datafield><datafield tag="043" ind1=" " ind2=" "><subfield code="a">n-us-mi</subfield></datafield><datafield tag="100" ind1="1" ind2=" "><subfield code="6">880-01</subfield><subfield code="a">Jurjānī, ʻAlī ibn Muḥammad,</subfield><subfield code="c">al-Sayyid al-Sharīf,</subfield><subfield code="d">1340-1413.</subfield></datafield><datafield tag="240" ind1="1" ind2="0"><subfield code="6">880-02</subfield><subfield code="a">Farāʼiḍ al-Sharīfīyah</subfield></datafield><datafield tag="245" ind1="1" ind2="0"><subfield code="6">880-03</subfield><subfield code="a">[Sharḥ al-Farāʼiḍ al-Sirājīyah,</subfield><subfield code="f">1011, i.e. 1602 or 1603].</subfield></datafield><datafield tag="246" ind1="3" ind2=" "><subfield code="i">Title from inscription on 'title page' (p.1):</subfield><subfield code="b">الفرائض السراجية</subfield></datafield><datafield tag="246" ind1="3" ind2=" "><subfield code="a">Sharīfīyah sharḥ al-Sirājīyah</subfield></datafield><datafield tag="260" ind1=" " ind2=" "><subfield code="c">[1602 or 1603].</subfield></datafield><datafield tag="300" ind1=" " ind2=" "><subfield code="a">130 leaves :</subfield><subfield code="b">paper ;</subfield><subfield code="c">210 x 153 (135 x 65) mm.</subfield></datafield><datafield tag="500" ind1=" " ind2=" "><subfield code="a">Shelfmark: Ann Arbor, University of Michigan, Special Collections Library, Isl. Ms. 572</subfield></datafield><datafield tag="500" ind1=" " ind2=" "><subfield code="a">Origin: As appears in colophon on p.258, transcription completed 1011 [1602 or 3].</subfield></datafield><datafield tag="500" ind1=" " ind2=" "><subfield code="a">Accompanying materials: Acquisitions slip from Yahuda.</subfield></datafield><datafield tag="500" ind1=" " ind2=" "><subfield code="a">Former shelfmark: From interior of upper cover and spine label "IL 268" (likely supplied by Yahuda, see acquisitions slip).</subfield></datafield><datafield tag="500" ind1=" " ind2=" "><subfield code="a">Binding: Pasteboards covered in marbled paper (in yellow, dark blue, green etc.) with dark red leather over spine and fore edge flap ; Type II binding (with flap) ; board linings in untinted laid paper ; sewn in blue thread, two stations ; worked chevron endbands in blue and cream (or light yellow), fairly good condition ; overall in somewhat poor condition with much abrasion and staining, lifting and losses of paper and leather, delamination of boards, etc.</subfield></datafield><datafield tag="500" ind1=" " ind2=" "><subfield code="a">Support: European laid paper of perhaps several types ; one type with 7 laid lines per cm. (vertical), chain lines spaced 25-28 mm. apart (horizontal), and anchor in circle watermark (see p.48, 49 ,et c.) ; another type with 12 laid lines per cm. (vertical), chain lines spaced 24 mm. apart (horizontal), and odd mark (possibly crustacean, scorpion or eagle, see p.42, 56, 130, etc.) ; staining and tide lines ; mends (to cover holes) in leaves carrying pp.113-128.</subfield></datafield><datafield tag="500" ind1=" " ind2=" "><subfield code="a">Decoration: Keywords and section headings rubricated ; overlining in red ; written area of opening quires (i.e. from opening through p.83) surrounded by red rule-border.</subfield></datafield><datafield tag="500" ind1=" " ind2=" "><subfield code="a">Script: Nastaʻlīq (talik) ; elegant Turkish hand ; virtually serifless with marked tilt to the right, only very slight effect of words descending to baseline, elongation of horizontal strokes, pointing in strokes rather than distinct dots, free assimilation of letters.</subfield></datafield><datafield tag="500" ind1=" " ind2=" "><subfield code="a">Layout: Written in 19 lines per page ; frame-ruled.</subfield></datafield><datafield tag="500" ind1=" " ind2=" "><subfield code="a">Collation: 13 V(130) ; exclusively quinions ; catchwords present ; pagination in pencil, Western numerals, supplied during digitization (mistakenly skips two pages between p.29 and p.30).</subfield></datafield><datafield tag="500" ind1=" " ind2=" "><subfield code="a">Colophon: "Scribal," reads "تمت الكتاب بعون الله تعالى وحسن توفيقه قد وقع فراغ هذه النسخة المباركة على يد اضعف عباد الله واحقره المحتاج الى رحمته سنة عشر واحدى والف"</subfield></datafield><datafield tag="500" ind1=" " ind2=" "><subfield code="a">Explicit: "وقد اجتمع لام كل منهما عشرون ولبنت ستون ولمولاه عشرون [عشرة] والله اعلم بالصواب"</subfield></datafield><datafield tag="500" ind1=" " ind2=" "><subfield code="a">Incipit: "الحمد لله رب العالمين وصلى الله على خير خلقه محمد واله اجمعين قال الشيخ الامام سراج الملة والدين محمد بن عبد الرشيد السجاوندي نوره الله مرقده بعد ما تيمن بالتسمية الحمد لله حمد الشاكرين والصلوة على خير البرية ... تعلمو الفرائض وعلموها الناس فانها نصف العلم هكذا رواية الفقهاء فالفرائض جمع فريضة وهي ما قدر من السهام في الميراث وانما جعل العلم بها نصف العلم اما لاختصاصها باحدى حالتي الانسان ..."</subfield></datafield><datafield tag="500" ind1=" " ind2=" "><subfield code="a">Title supplied by cataloguer.</subfield></datafield><datafield tag="500" ind1=" " ind2=" "><subfield code="a">Ms. codex.</subfield></datafield><datafield tag="510" ind1="4" ind2=" "><subfield code="a">Brockelmann, C. GAL,</subfield><subfield code="c">I 378-379</subfield></datafield><datafield tag="520" ind1="8" ind2=" "><subfield code="a">Clear copy of the commentary by ʻAlī ibn Muḥammad al-Jurjānī, al-Sayyid al-Sharīf, (d.1413) on the celebrated work on the law of inheritance by Sirāj al-Dīn Muḥammad ibn Muḥammad al-Sajāwandī (fl. 12th cent.).</subfield></datafield><datafield tag="538" ind1=" " ind2=" "><subfield code="a">Mode of access: Internet.</subfield></datafield><datafield tag="541" ind1=" " ind2=" "><subfield code="a">Acquired in 1926 from the bookseller Isaac Benjamin S.E. Yahuda via purchase transacted on his behalf by Abraham Shalom Yahuda (1877-1951), his younger brother.</subfield></datafield><datafield tag="546" ind1=" " ind2=" "><subfield code="a">Arabic.</subfield></datafield><datafield tag="561" ind1=" " ind2=" "><subfield code="a">Former owners' marks on repaired 'title page' (p.1) include a few statements in Turkish (nearly effaced) and kabīkaj invocation (also partially effaced) reads "يا كبيكج" ; occasional glosses and marginal corrections.</subfield></datafield><datafield tag="600" ind1="1" ind2="0"><subfield code="a">Sajāwandī, Sirāj al-Dīn Muḥammad ibn Muḥammad,</subfield><subfield code="d">active 12th century.</subfield><subfield code="t">Farāʼiḍ al-Sirājīyah.</subfield></datafield><datafield tag="650" ind1=" " ind2="0"><subfield code="a">Manuscripts, Arabic</subfield><subfield code="z">Michigan</subfield><subfield code="z">Ann Arbor.</subfield></datafield><datafield tag="650" ind1=" " ind2="0"><subfield code="a">Inheritance and succession (Islamic law)</subfield><subfield code="v">Early works to 1800.</subfield></datafield><datafield tag="773" ind1="0" ind2=" "><subfield code="a">Yahuda Collection.</subfield></datafield><datafield tag="880" ind1="1" ind2="0"><subfield code="6">245-03/</subfield><subfield code="a">[شرح الفرائض السراجية,</subfield><subfield code="f">1011ه، 1602 او 1603م].</subfield></datafield><datafield tag="880" ind1="1" ind2="0"><subfield code="6">240-02/</subfield><subfield code="a">فرائض الشريفية</subfield></datafield><datafield tag="880" ind1="1" ind2=" "><subfield code="6">100-01/</subfield><subfield code="a">جرجاني، علي بن محمد،</subfield><subfield code="c">السيد الشريف.</subfield></datafield><datafield tag="CID" ind1=" " ind2=" "><subfield code="a">006804975</subfield></datafield><datafield tag="DAT" ind1="0" ind2=" "><subfield code="a">20190719102636.0</subfield><subfield code="b">20190719000000.0</subfield></datafield><datafield tag="DAT" ind1="1" ind2=" "><subfield code="a">20190719090653.0</subfield><subfield code="b">2019-07-19T16:11:41Z</subfield></datafield><datafield tag="DAT" ind1="2" ind2=" "><subfield code="a">2015-10-02T18:00:03Z</subfield></datafield><datafield tag="CAT" ind1=" " ind2=" "><subfield code="a">SDR-MIU</subfield><subfield code="d">EX LIBRIS - ALEPH</subfield><subfield code="l">prepare.pl-004-008</subfield></datafield><datafield tag="FMT" ind1=" " ind2=" "><subfield code="a">BK</subfield></datafield><datafield tag="HOL" ind1=" " ind2=" "><subfield code="0">sdr-miu006804975</subfield><subfield code="a">MiU</subfield><subfield code="b">SDR</subfield><subfield code="c">MIU</subfield><subfield code="p">mdp.39015079126994</subfield><subfield code="s">MIU</subfield><subfield code="1">006804975</subfield></datafield><datafield tag="974" ind1=" " ind2=" "><subfield code="b">MIU</subfield><subfield code="c">MIU</subfield><subfield code="d">20190719</subfield><subfield code="s">lit-dlps-dc</subfield><subfield code="u">mdp.39015079126994</subfield><subfield code="y">1603</subfield><subfield code="r">pd</subfield><subfield code="q">bib</subfield><subfield code="t">non-US bib date2 &lt; 1896</subfield></datafield></record></collection>